Automatically generated by Mendeley 0.9.8.2
Any changes to this file will be lost if it is regenerated by Mendeley.

@article{Nowak2011,
author = {Nowak, Martin A and Nowak, Martin A},
doi = {10.1126/science.1133755},
file = {:Users/alejandromahecha/Documents/System-biology/COOPERATIONtesis/mail.pdf:pdf},
journal = {Science},
number = {2006},
title = {{Five Rules for the Evolution of Cooperation}},
volume = {1560},
year = {2011}
}
@article{Traulsen2006a,
author = {Traulsen, Arne and Nowak, Martin A},
file = {:Users/alejandromahecha/Documents/System-biology/COOPERATIONtesis/10.pdf:pdf},
journal = {PNAS},
number = {Track II},
title = {{Evolution of cooperation by multilevel selection}},
volume = {2006},
year = {2006}
}
@article{Traulsen2005,
author = {Traulsen, Arne and Sengupta, Anirvan M and Nowak, Martin A},
doi = {10.1016/j.jtbi.2005.01.019},
file = {:Users/alejandromahecha/Documents/System-biology/COOPERATIONtesis/sdarticle.pdf:pdf},
journal = {Journal of Theoretical Biology},
keywords = {group selection,moran process},
pages = {393--401},
title = {{Stochastic evolutionary dynamics on two levels}},
volume = {235},
year = {2005}
}
@article{Wang2011,
author = {Wang, Zhi and Zhang, Jianzhi},
doi = {10.1073/pnas.1100059108},
file = {:Users/alejandromahecha/Documents/System-biology/COOPERATIONtesis/PNAS-2011-Wang-1100059108.pdf:pdf},
pages = {1--10},
title = {{Impact of gene expression noise on organismal fitness and the efficacy of natural selection}},
volume = {2011},
year = {2011}
}
