Automatically generated by Mendeley 0.9.8.2
Any changes to this file will be lost if it is regenerated by Mendeley.

@article{Nowak2011,
author = {Nowak, Martin A and Nowak, Martin A},
doi = {10.1126/science.1133755},
file = {:Users/alejandromahecha/Documents/System-biology/COOPERATIONtesis/mail.pdf:pdf},
journal = {Science},
number = {2006},
title = {{Five Rules for the Evolution of Cooperation}},
volume = {1560},
year = {2011}
}
@article{Traulsen2006a,
author = {Traulsen, Arne and Nowak, Martin A},
file = {:Users/alejandromahecha/Documents/System-biology/COOPERATIONtesis/10.pdf:pdf},
journal = {PNAS},
number = {Track II},
title = {{Evolution of cooperation by multilevel selection}},
volume = {2006},
year = {2006}
}
